@article{chen2023beyond,
  title={Beyond Surface Statistics: Scene Representations in a Latent Diffusion Model},
  author={Chen, Yida and Vi{\'e}gas, Fernanda and Wattenberg, Martin},
  journal={arXiv preprint arXiv:2306.05720},
  year={2023}
}
@article{tegmark2023spacetime,
  title={Language Models Represent Space and Time},
  author={Gurnee, Wes and Tegmark, Max},
  journal={arXiv preprint arXiv:2310.02207},
  year={2023}
}
